<?xml version="1.0" encoding="UTF-8"?>
<collection xmlns:xsi="http://www.w3.org/2001/XMLSchema-instance" xsi:schemaLocation="http://www.loc.gov/MARC21/slim http://www.loc.gov/standards/marcxml/schema/MARC21slim.xsd" xmlns="http://www.loc.gov/MARC21/slim">
<record>
  <leader>01619cam a2200325 a 4500</leader>
  <controlfield tag="001">2752351</controlfield>
  <controlfield tag="003">NNC</controlfield>
  <controlfield tag="005">20140126214352.0</controlfield>
  <controlfield tag="008">890401s1967    iq acf        000 0 arard</controlfield>
  <datafield tag="010" ind1=" " ind2=" ">
    <subfield code="a">ne 68000550 </subfield>
  </datafield>
  <datafield tag="035" ind1=" " ind2=" ">
    <subfield code="a">(OCoLC)23514118</subfield>
  </datafield>
  <datafield tag="035" ind1=" " ind2=" ">
    <subfield code="a">(OCoLC)ocm23514118</subfield>
  </datafield>
  <datafield tag="035" ind1=" " ind2=" ">
    <subfield code="9">ARL7526CU</subfield>
  </datafield>
  <datafield tag="035" ind1=" " ind2=" ">
    <subfield code="a">(NNC)2752351</subfield>
  </datafield>
  <datafield tag="040" ind1=" " ind2=" ">
    <subfield code="a">EYM</subfield>
    <subfield code="c">EYM</subfield>
    <subfield code="d">CGU</subfield>
    <subfield code="d">UkMaJRU</subfield>
  </datafield>
  <datafield tag="043" ind1=" " ind2=" ">
    <subfield code="a">a-iq---</subfield>
  </datafield>
  <datafield tag="050" ind1="0" ind2=" ">
    <subfield code="a">DS79.9.K3</subfield>
    <subfield code="b">T79 1967 (Orien Arab)</subfield>
  </datafield>
  <datafield tag="066" ind1=" " ind2=" ">
    <subfield code="c">(3</subfield>
  </datafield>
  <datafield tag="100" ind1="1" ind2=" ">
    <subfield code="6">880-01</subfield>
    <subfield code="a">Kalīdār, ʻAbd al-Jawād,</subfield>
    <subfield code="d">1890-1959.</subfield>
  </datafield>
  <datafield tag="245" ind1="1" ind2="0">
    <subfield code="6">880-02</subfield>
    <subfield code="a">Tārīkh Karbalāʾ wa-ḥāʾir al-Ḥusayn :</subfield>
    <subfield code="b">wa-huwa baḥth wasiʻ ʻan al-ḥāʾir al-muqaddas fī al-tārīkh wa-al-tārīkh wa-al-lughah wa-al-fiqh wa-al-ḥadīth wa-ʻimāratih wa-hadmih min al-ṣadr al-awwal ilá al-ʻaṣr al-ḥāḍir /</subfield>
    <subfield code="c">ʻAbd al-Jawād al-Kilīdār.</subfield>
  </datafield>
  <datafield tag="250" ind1=" " ind2=" ">
    <subfield code="6">880-03</subfield>
    <subfield code="a">[al-Ṭabʻah 2]</subfield>
  </datafield>
  <datafield tag="260" ind1=" " ind2=" ">
    <subfield code="6">880-04</subfield>
    <subfield code="a">al-Najaf :</subfield>
    <subfield code="b">al-Maṭbaʻah al-Ḥaydarīyah,</subfield>
    <subfield code="c">1967.</subfield>
  </datafield>
  <datafield tag="300" ind1=" " ind2=" ">
    <subfield code="a">303 p. :</subfield>
    <subfield code="b">ill., plates, ports. ;</subfield>
    <subfield code="c">25 cm.</subfield>
  </datafield>
  <datafield tag="651" ind1=" " ind2="0">
    <subfield code="a">Karbalāʼ (Iraq)</subfield>
  </datafield>
  <datafield tag="880" ind1="1" ind2=" ">
    <subfield code="6">100-01/(3/r</subfield>
    <subfield code="a">كليدار، عبد الجواد,</subfield>
    <subfield code="d">1890-1959.</subfield>
  </datafield>
  <datafield tag="880" ind1="1" ind2="0">
    <subfield code="6">245-02/(3/r</subfield>
    <subfield code="a">تاريخ كربلاء و حائر الحسين :</subfield>
    <subfield code="b">وهو بحث واسع عن الحائر المقدس في التاريخ و اللغة و الفقه و الخديث و عمارته و هدمه من الصدر الأول إلى العصر الحاضر /</subfield>
    <subfield code="c">عبد الجواد الكليدار.</subfield>
  </datafield>
  <datafield tag="880" ind1=" " ind2=" ">
    <subfield code="6">250-03/(3/r</subfield>
    <subfield code="a">[الطبعة ٢]</subfield>
  </datafield>
  <datafield tag="880" ind1=" " ind2=" ">
    <subfield code="6">260-04/(3/r</subfield>
    <subfield code="a">النجف :</subfield>
    <subfield code="b">المطبعة الحيدرية،</subfield>
    <subfield code="c">١٩٦٧.</subfield>
  </datafield>
  <datafield tag="955" ind1=" " ind2=" ">
    <subfield code="b">CU52884708</subfield>
    <subfield code="d">off,glx</subfield>
    <subfield code="e">DS79.9.K3 T79 1967</subfield>
  </datafield>
</record>
</collection>